
@article{shah2023,
	title = {Dynamics of social influence on consumption choices: A social network representation},
	author = {Shah, Syed Sibghatullah and Asghar, Zahid},
	year = {2023},
	month = {06},
	date = {2023-06},
	journal = {Heliyon},
	pages = {e17146},
	volume = {9},
	number = {6},
	doi = {10.1016/j.heliyon.2023.e17146},
	url = {http://dx.doi.org/10.1016/j.heliyon.2023.e17146},
	langid = {en}
}

@Article{RePEc:lje:journl:v:17:y:2012:i:2:p:111-136,
  author={Zahid Asghar and Mudassar Zahra},
  title={{A Benefit Incidence Analysisof Public Spending on Education in PakistanUsing PSLM Data}},
  journal={Lahore Journal of Economics},
  year=2012,
  volume={17},
  number={2},
  pages={111-136},
  month={July-Dec},
  keywords={Education; economic; development; Pakistan.},
  doi={},
  url={https://ideas.repec.org/a/lje/journl/v17y2012i2p111-136.html}
}

@article{muniyoor2024,
	title = {Wage Differentials and Inequality in Managerial and Professional Jobs: Quantile Regression Analysis},
	author = {Muniyoor, Krishna and M, Aishwarya and Sarma, Angana Parashar},
	year = {2024},
	month = {01},
	date = {2024-01-11},
	journal = {Studies in Microeconomics},
	doi = {10.1177/23210222231214850},
	url = {http://dx.doi.org/10.1177/23210222231214850},
	langid = {en}
}
